@misc{Google,
	Author = {{Google Inc}},
	Note = {\url{http://google-styleguide.googlecode.com/svn/trunk/cppguide.xml}},
	TItle = {{Google C++ Style Guide}},
	Year = {2013}}

@misc{Mitsuba,
	Author = {Wenzel Jakob},
	Note = {\url{http://www.mitsuba-renderer.org}},
	Title = {{Mitsuba renderer}},
	Year = {2010}}

@misc{cpplint,
	Author = {{Google Inc}},
	Note = {\url{http://google-styleguide.googlecode.com/svn/trunk/cpplint/}},
	TItle = {{cpplint}},
	Year = {2013}}